<record><leader>00000cas a2200000 a 4500</leader><controlfield tag="001">12228405</controlfield><controlfield tag="008">850703d19051913ksudr ne      0    0eng d</controlfield><datafield ind1=" " ind2=" " tag="010"><subfield code="a">sn 85030385 </subfield></datafield><datafield ind1=" " ind2=" " tag="040"><subfield code="a">KSH</subfield><subfield code="b">eng</subfield><subfield code="c">KSH</subfield><subfield code="d">NPT</subfield><subfield code="d">OCL</subfield><subfield code="d">OCLCQ</subfield></datafield><datafield ind1=" " ind2=" " tag="042"><subfield code="a">msc</subfield></datafield><datafield ind1="0" ind2=" " tag="130"><subfield code="a">Times (Independence, Kan.)</subfield></datafield><datafield ind1="1" ind2="4" tag="245"><subfield code="a">The times.</subfield></datafield><datafield ind1=" " ind2=" " tag="260"><subfield code="a">Independence, Kan. :</subfield><subfield code="b">H.W. Young &amp; Sons,</subfield><subfield code="c">1905-1913.</subfield></datafield><datafield ind1=" " ind2=" " tag="300"><subfield code="a">9 v. :</subfield><subfield code="b">ill. ;</subfield><subfield code="c">54 cm.</subfield></datafield><datafield ind1=" " ind2=" " tag="310"><subfield code="a">Daily (except Monday),</subfield><subfield code="b">May 23-&lt;June 3, 1913&gt;</subfield></datafield><datafield ind1=" " ind2=" " tag="321"><subfield code="a">Weekly,</subfield><subfield code="b">Apr. 7, 1905-May 16, 1913</subfield></datafield><datafield ind1="0" ind2=" " tag="362"><subfield code="a">Vol. 12, no. 40 (Apr. 7, 1905)-v. 21, no. 33 (Feb. 21, 1913).</subfield></datafield><datafield ind1=" " ind2=" " tag="500"><subfield code="a">Published by: Times Printing Co., July 8, 1910-Sept. 20, 1912; H.J. Richmond, Sept. 27, 1912-Feb. 21, 1913.</subfield></datafield><datafield ind1=" " ind2=" " tag="500"><subfield code="a">"Populist."</subfield></datafield><datafield ind1=" " ind2=" " tag="580"><subfield code="a">Merged with: Daily free press (non-extant), to form: Daily free press and the times.</subfield></datafield><datafield ind1=" " ind2=" " tag="752"><subfield code="a">United States</subfield><subfield code="b">Kansas</subfield><subfield code="c">Montgomery</subfield><subfield code="d">Independence.</subfield></datafield><datafield ind1="0" ind2="0" tag="780"><subfield code="t">Times and the Kansas populist</subfield><subfield code="w">(DLC)sn 85030384</subfield></datafield><datafield ind1="1" ind2="7" tag="785"><subfield code="t">Daily free press</subfield></datafield><datafield ind1="1" ind2="7" tag="785"><subfield code="t">Daily free press and the times</subfield><subfield code="w">(DLC)sn 85030386</subfield></datafield></record>